@manual{GurobiOptimizer:2020,
	title  = "Gurobi Optimizer ",
    author = "{Gurobi Optimization LLC}",
    note    = "\url{https://www.gurobi.com/products/gurobi-optimizer/}",
    year   = "2020 [obiskano 26. decembra, 2020]"
}
 
 @manual{GurobiBrochure:2020,
 	title = "Gurobi Corporate Brochure",
	author = "{Gurobi Optimization LLC}",
	note = "\url{https://www.gurobi.com/pdfs/Gurobi-Corporate-Brochure.pdf}",
	year = "2020 [obiskano 26. decembra, 2020]"
}

 @manual{GurobiTeam:2020,
 	title = "Our Team - Gurobi",
	author = "{Gurobi Optimization LLC}",
	note = "\url{https://www.gurobi.com/company/our-team/}",
	year = "2020 [obiskano 26. decembra, 2020]"
}

 @article{Miplib:2017,
 	 author = {Gleixner, Ambros and Hendel, Gregor and Gamrath, Gerald and Achterberg, Tobias and Bastubbe, Michael and Berthold, Timo and Christophel, Philipp M. and Jarck, Kati and Koch, Thorsten and Linderoth, Jeff and L\"ubbecke, Marco and Mittelmann, Hans D. and Ozyurt, Derya and Ralphs, Ted K. and Salvagnin, Domenico and Shinano, Yuji},
 	title = {{MIPLIB 2017: Data-Driven Compilation of the 6th Mixed-Integer Programming Library}},
  	journal = {Mathematical Programming Computation},
 	year = {2020 [obiskano 26. decembra, 2020]},
 	note = {\url{http://miplib.zib.de/}}
}

 @manual{GurobiQuickstart:2020,
 	title = "Quick Start Guides",
	author = "{Gurobi Optimization LLC}",
	note = "\url{https://www.gurobi.com/documentation/quickstart.html}",
	year = "2020 [obiskano 26. decembra, 2020]"
}

 @manual{GurobiFormats:2020,
 	title = "Model File Formats ",
	author = "{Gurobi Optimization LLC}",
	note = "\url{https://www.gurobi.com/documentation/9.1/refman/model_file_formats.html}",
	year = "2020 [obiskano 27. decembra, 2020]"
}

 @manual{USMintCoins:2019,
 	title = "Coin Specifications",
	author = "{U.S. Mint}",
	note = "\url{https://www.usmint.gov/learn/coin-and-medal-programs/coin-specifications}",
	year = "2019 [obiskano 27. decembra, 2020]"
}